%% This BibTeX bibliography file was created using BibDesk.
%% http://bibdesk.sourceforge.net/


%% Created for Ivica Nakić at 2009-10-31 16:17:17 +0100 


%% Saved with string encoding Unicode (UTF-8) 



@article{Dutkay:2009,
	Author = {Dutkay, D. E. and Han, D. and Sun, Q. and Weber,  E.},
	Date-Added = {2009-10-31 09:43:54 +0100},
	Date-Modified = {2009-10-31 16:16:31 +0100},
	Month = {10},
	Title = {Hearing the Hausdorff dimension},
	Url = {http://arxiv.org/abs/0910.5433},
	Year = {2009},
	Bdsk-Url-1 = {http://arxiv.org/abs/0910.5433}}

@article{kurepa1956convex,
	Author = {Kurepa, S.},
	Date-Added = {2009-10-31 09:23:24 +0100},
	Date-Modified = {2009-10-31 09:23:24 +0100},
	Journal = {Glasnik Mat.-Fiz. Astr. Ser. II},
	Number = {2},
	Pages = {89--93},
	Title = {Convex functions},
	Volume = {11},
	Year = {1956}}

@book{kurepa1981funkcionalna,
	Author = {Kurepa, S.},
	Date-Added = {2009-10-31 09:10:49 +0100},
	Date-Modified = {2009-10-31 09:10:49 +0100},
	Publisher = {{\v{S}}kolska Knjiga},
	Title = {Funkcionalna analiza},
	Year = {1981}}

@book{kljuc,
	Author = {Autor, I. },
	Date-Modified = {2009-10-31 13:04:15 +0100},
	Publisher = {Samizdat},
	Title = {Naslov Knjige},
	Year = {2052}}

@Article{assetTracking,
	author =       "Sumit S. Dukare, Dattatray A. Pati, Kantilal P. Rane",
	title =        "{Vehicle Tracking, Monitoring and Alerting 
	System: A Review}" ,
	journal =      "International Journal of Computer Applications",
	volume =       "119",
	number =       "10",
	year =         "2015",
	DOI =          "http://search.proquest.com/openview/767aabdc8b343ff9b5c72c1194232e4f/1?pq-origsite=gscholar&cbl=136216"
} 

@Article{generalSlides,
	author =       "Sherman Lo",
	title =        "{Secure Navigation and
	Authentication}" ,
	year =         "2008",
	
} 

@misc{ wiki:1,
	author = "Wikipedia",
	title = "Geolocation",
	year = "2016",
	DOI = "\url{https://en.wikipedia.org/wiki/Geolocation}",
	note = ", pregledano \today]"
}

@misc{ GPS:1,
	author = "United States military",
	title = "GLOBAL POSITIONING SYSTEM STANDARD POSITIONING SERVICE SIGNAL SPECIFICATION",
	year = "1995",
	note = "[Dostupno na: \url{http://www.gps.gov/technical/ps/1995-SPS-signal-specification.pdf}, pregledano \today]"
}

@article{GPS:2,
	author= "Anon",
	title = "Vulnerability assessment of the transportation infrastructure relying on the Global Positioning System", 
	year = "2001",
	note = "Cambridge, MA, 2001",
	journal = "John A. Volpe National Transportation Systems Center, Tech. Rep."
	
	
}

@article{GPS:blueprint,
	author= "Andrew J. Kerns, Kyle D. Wesson, Todd E. Humphreys",
	title = "A Blueprint for Civil GPS Navigation Message
	Authentication", 
	year = "2014",
	journal = "",
	note = "[Dostupno na: \url{https://radionavlab.ae.utexas.edu/images/stories/files/papers/nmaimpPLANS2014.pdf}, pregledano 2-Feb-2017]"
	
	
	
}

@INPROCEEDINGS{antispoof:1,
	author = {L. Scott},
	booktitle = {Proceedings of the ION GNSS Meeting,Port-
	land, Oregon: Institute of Navigation},
	title = {Anti-spoofing and authenticated signal architectures for civil navigation systems},
	pages = {1542–1552},
	year = {2003},
}

@INPROCEEDINGS{antispoof:2,
	author = {Oscar Pozzobon},
	booktitle = {Inside GNSS},
	volume = {6},
	title = {Keeping the spoofs out: Signal authentication services for future GNSS},
	pages = {48–55},
	year = {2011},
	note = "[Dostupno na: \url{http://www.insidegnss.com/node/2570}, pregledano 15-Feb-2017]"
}

@misc{FULLRANK,
	author = "Zhipu Jin",
	title = "Please explain full rank, definition. What it entails.",
	year = "2002",
	note = "[Dostupno na: \url{http://www.cds.caltech.edu/~murray/courses/cds101/fa02/faq/02-10-28_fullrank.html}, pregledano 2-Feb-2017]"
}

@misc{jamming,
	author = "Darla Ferrara",
	title = "The Definition of J/S Jamming in GPS ",
	year = "",
	note = "[Dostupno na: \url{http://www.ehow.com/info_12212859_definition-j-s-jamming-gps.html}, pregledano 2-Feb-2017]"
}

@misc{meaconing,
	author = "Richard B. Langley",
	title = "Innovation: GNSS Spoofing Detection ",
	year = "2013",
	note = "[Dostupno na: \url{http://gpsworld.com/innovation-gnss-spoofing-detection-correlating-carrier-phase-with-rapid-antenna-motion/}, pregledano 2-Feb-2017]"
}


@misc{MAC,
	author = "Network Working Group, IBM",
	title = "HMAC: Keyed-Hashing for Message Authentication",
	year = "1997",
	note = "[Dostupno na: \url{https://tools.ietf.org/html/rfc2104}, pregledano 2-Feb-2017]"
}

@misc{TESLA:general,
	author = "Adrian Perrig
	Ran Canetti
	J. D. Tygar
	Dawn Song",
	title = "The TESLA Broadcast Authentication Protocol",
	year = "2002",
	note = "[Dostupno na: \url{https://people.eecs.berkeley.edu/~tygar/papers/TESLA_broadcast_authentication_protocol.pdf}, pregledano 2-Feb-2017]"
}

@misc{TESLA:application1,
	author = "A. Perrig, R. Szewczyk, V. Wen, D. Culler,
	and J. D. Tygar",
	title = "SPINS: Security proto-
	cols for sensor networks",
	year = "2001",
	note = "In Proceedings of
	Seventh Annual International Conference on
	Mobile Computing and Networks (Mobicom
	2001), pregledano 2-Feb-2017]"
}

@misc{TESLA:application2,
	author = "Y.-C. Hu, A. Perrig, and D. B. Johnson.
	Ariadne",
	title = "A secure on-demand routing pro-
	tocol for ad hoc networks",
	year = "2002",
	note = "In Proceedings
	of the Eighth ACM International Conference
	on Mobile Computing and Networking (Mo-
	bicom 2002), September 2002."
}

@misc{cheung,
	author = "S. Cheung.",
	title = "An efficient message authen-
	tication scheme for link state routing",
	year = "1997",
	note = "In
	13th Annual Computer Security Applications
	Conference, pages 90–98, 1997"
}

@misc{guy,
	author = "R. Anderson, F. Bergadano, B. Crispo,
	J. Lee, C. Manifavas, and R. Needham",
	title = "A new family of authentication protocols",
	year = "1998",
	note = "ACM
	Operating Systems Review, 32(4):9–20, Oc-
	tober 1998. "
}

@misc{merkle,
	author = "R. Merkle. ",
	title = "Protocols  for  public  key  cryptosystems",
	year = "1998",
	note = "In
	1980 IEEE Symposium on Security and Privacy
	, 1980 "
}

@misc{Tesla:addition,
	author = "Adrian Perrig,
	Ran Canetti,
	Dawn Song,
	J. D. Tygar",
	title = "Efficient and Secure Source Authentication for Multicast",
	year = "",
	howpublished = "",
	note = "[Dostupno na: \url{https://users.ece.cmu.edu/~adrian/projects/tesla-ndss/ndss.pdf}, pregledano: \today"
}

@misc{loran,
	author = "Di Qiu, Sherman Lo, Per Enge,Dan Boneh",
	title = "Geo encryption Using Loran",
	year = "2007",
	note = "[Dostupno na: \url{https://web.stanford.edu/group/scpnt/gpslab/pubs/papers/Qiu_IONNTM_2007.pdf}, pregledano: \today"
}

@misc{loran:meaning,
	author = "Wikipedia",
	title = "LORAN",
	year = "",
	note = "[Dostupno na: \url{https://en.wikipedia.org/wiki/LORAN}, pregledano: \today]"
}

@misc{tesla:sign,
	author = "Adrian Perrig,Ran Canetti,Dawn Song,J. D. Tygar",
	title = " Efficient
	Authentication and Signing of Multicast Streams over Lossy Channels",
	year = "",
	note = "[Dostupno na: \url{https://people.eecs.berkeley.edu/~dawnsong/papers/tesla.pdf}, pregledano: 4-Feb-2017]"
}

@misc{tesla:application3,
	author = "Songluk Suwannarath",
	title = "THE TESLA-ALPHA BROADCAST AUTHENTICATION PROTOCOL FOR BUILDING AUTOMATION SYSTEM",
	year = "2016",
	month = "May",
	note = "[Dostupno na: \url{http://media.proquest.com/media/pq/classic/doc/4092454841/fmt/ai/rep/NPDF?_s=aVHQogcJ3K6hpQ3AJdvhVG5Kr48%3D}, pregledano: 4-Feb-2017]"
}

@misc{tesla:jamming,
	author = "{Thomas, Martyn}",
	title = "Global Navigation
	Space Systems:
	reliance and vulnerabilities",
	year = "2011",
	month = "",
	note = "[Dostupno na: \url{http://www.raeng.org.uk/publications/reports/global-navigation-space-systems}, pregledano 9-Feb-2017]"
}



@misc{gps:overview,
	author = "{Dana, P.H.}",
	title = "Global positioning system overview",
	year = "1994",
	month = "",
	note = "University of Colorado, Boulder, CO [Dostupno na: \url{http://www.colorado.edu/geography/gcraft/notes/}, pregledano 9-Feb-2017]"
}

@misc{gps:2,
	author = "{DEWESoft}",
	title = "Positioning 3D Concept",
	year = "2010",
	month = "",
	note = "[Dostupno na: \url{https://www.dewesoft.com/pro/course/gps-10}, pregledano 9-Feb-2017]"
}

@misc{math:tay,
	author = "{PMF}",
	title = "Redovi potencija i Taylorovi redovi",
	year = "2009",
	month = "",
	note = "[Dostupno na: \url{https://web.math.pmf.unizg.hr/nastava/analiza/files/ch3_3.pdf}, pregledano 9-Feb-2017]"
}

@book{math:positioning,
	Author = {Ali-Löytty, S. and Collin, J. and Leppäkoski, H. and 
	Sairo, H. and Sirola, N.},
	Title = {Mathematics and methods for Positioning},
	Year = {2008},
	note = "Tempare University of Technology, Tempare, Finska [Dostupno na: \url{http://math.tut.fi/courses/MAT-45806/mathematics_and_methods_for_positioning_2008.pdf}, pregledano \today]"
}

@misc{googleSchoolar1,
	author = {He, Y.
	and Bilgic, A.},
	title = {Iterative least squares method for global positioning system},
	year = {2011},
	note = "[Dostupno na: \url{https://pdfs.semanticscholar.org/fcb1/86f5b7feb713e970fd076498e93a77f7f2fc.pdf},  pregledano \today]"
}

@misc{singer07,
	author = {Singer, Saša},
	title = {Numerička matematika,
	7. predavanje},
	year = {2017},
	note = "[Dostupno na: \url{http://degiorgi.math.hr/~singer/num_mat/NM_1617/07.pdf}, pregledano \today]"
}

@misc{singerBook,
	author = {Drmač, Zlatko and Marušić, Miljenko and Singer, Sanja and Hari, Vedran and Rogina, Mladen and Singer, Saša},
	title = {Numerička matematika},
	year = {2003},
	note = "[Dostupno na: \url{https://web.math.pmf.unizg.hr/~singer/num_mat/num_anal.pdf}, pregledano \today]"
}


@misc{ref:4,
	author = {Farrell, J A},
	title = {Aided Navigation: GPS with High Rate Sensors},
	year = {2008},
	note = "McGraw-Hill. New York, NY."
}

@misc{ref:9,
	author = {Filjar, R.},
	title = {A Study of Direct Severe Space Weather Effects on GPS Ionospheric Delay},
	year = {2008},
	note = " Journal of Navigation, 61, 115-128, [Dostupno na: \url{http://dx.doi.org/10.1017/S0373463307004420}, pregledano \today]"
}

@misc{ref:10,
	author = {Filjar, R. and Brčić, D. and Kos, S.},
	title = {Single-frequency Horizontal GPS positioning Error Response to a Moderate Ionospheric Storm over Northern Adriatic},
	year = {2013},
	note = "Poglavlje u knjizi: Weintrit, A. (editor) Advances in Marine Navigation (2013).  Taylor and Francis Group, London, UK"
}
@misc{ref:13,
	author = {Gustafsson, F.},
	title = {Statistical sensor fusion, Studentlitteratur},
	year = {2010},
	note = "Linkoeping University. Linkoeping, Švedska."
}

@misc{ref:25,
	author = {Nielsen, A. A.},
	title = {Least Squares Adjustment: Linear and Nonlinear Weighted Regression Analysis},
	year = {2013},
	note = "Tehničko izvješće. Technical University of Denmark. Lyngby, Danska."
}

@misc{ref:34,
	author = {Sanz Subirana, J. and ostali},
	title = {GNSS Data Processing – Volume I: Fundamentals and Algorithms},
	year = {2013},
	note = "European Space Agency (ESA). Nordwijk, Nizozemska. \url{http://bit.ly/1QV4KAL}, pregledano \today]"
}
@misc{ref:38,
	author = {Thomas, M. and ostali},
	title = {Global Navigation Space Systems: reliance and vulnerabilities},
	year = {2011},
	note = "The Royal Academy of Engineering. London, UK. \url{http://bit.ly/1vrIenu}, pregledano \today]"
}

@misc{ref:45,
	author = {Brown, R. G. and Hwang, P. W. C.},
	title = {Introduction to Random Signals and Applied Kalman Filtering},
	year = {2009},
	note = {John Wiley and Sons. New York, NY.}
}

@misc{elevation_angle,
	author = {Borre,Kai and  Akos,Dennis M. and Bertelsen,Nicolaj and Rinder, Peter and Søren, Holdt Jensen},
	title = {A Software-Defined GPS and Galileo Receiver: A Single-Frequency Approach},
	year = {2007},
	note = "[Dostupno na: \url{https://books.google.hr/books?id=x2g6XTEkb8oC&pg=PA132&lpg=PA132&dq=R+elevation+between+satellite+and+the+receiver&source=bl&ots=cUuR3wNbPX&sig=3JqlYjPp7WQ0h_y-WwBxJook5Bs&hl=sl&sa=X&ved=0ahUKEwjw7MrI6YbVAhUKB8AKHSx1CqIQ6AEIbDAJ#v=onepage&q=R%20elevation%20between%20satellite%20and%20the%20receiver&f=false} , pregledano \today]"
}

@misc{svd_str15,
	author = {Allan Aasbjerg Nielsen},
	title = {Least Squares Adjustment: Linear and Nonlinear Weighted Regression Analysis},
	year = {2013},
	note = "[Dostupno na: \url{http://www2.imm.dtu.dk/pubdb/views/edoc_download.php/2804/pdf/imm2804.pdf} , pregledano \today]"
}

@misc{svd_Rexample,
	author = {Corcoran, C.},
	title = {STAT 6550: Singular Value Decomposition in R},
	year = {2007},
	note = "Skripta uz predavanja, Utah State University, [Dostupno na: \url{http://www.math.usu.edu/~corcoran/classes/old/07spring6550/examples/svd.pdf} , pregledano \today]"
}

@misc{svd_QR_normalEquations_comparison_str42,
	author = {Kao, D.},
	title = {QR Factorization and  
	Singular Value Decomposition },
	year = {2016},
	note = "Skripta uz predavanja, Princeton University, Princeton, NY [Dostupno na: \url{http://www.cs.princeton.edu/courses/archive/fall11/cos323/notes/cos323_f11_lecture09_svd.pdf} , pregledano \today]"
}

@misc{svd_QR_normalEquations,
	author = {SIAM},
	title = {Linear Least Squares Problems},
	year = {},
	note = "[Dostupno na: \url{https://sites.math.washington.edu/~morrow/498_13/demmelsvd.pdf} , pregledano \today]"
}

@misc{cite:DOP,
	author = {Allan Aasbjerg Nielsen},
	title = {Least Squares Adjustment: Linear and Nonlinear Weighted Regression Analysis},
	year = {2013},
	note = "[Dostupno na: \url{http://www2.imm.dtu.dk/pubdb/views/edoc_download.php/2804/pdf/imm2804.pdf} , pregledano \today]"
}

@misc{ref:47,
	author = {Filjar, R. and Huljenić, D. and Lenac, K.},
	title = {Enhancing Performance of GNSS Position Estimation
	by Cloud-based GNSS SDR Receiver Architecture Utilisation},
	year = {2013},
	note = "Proc of IEEE International Symposium ELMAR 2013, 315-318, Zadar, Croatia."
}
@misc{ref:46,
	author = {Filjar, R and Huljenić, D and Dešić, S.},
	title = {Distributed Positioning: A Network-Supported Method
	for Satellite Positioning Performance Improvement},
	year = {2002},
	note = "J of Navigation, 55, 477-484."
}

@misc{ref:36,
	author = {Takasu, T.},
	title = {RTKLIB open-source software package.},
	year = {2017},
	note = "[Dostupno na: \url{http://bit.ly/2gXSd42} , pregledano \today]"
}
@misc{ref:5,
	author = {Filić, M.},
	title = {Laboratory Session 4: GNSS positioning performance assessment using
	RTKLIB/RTKPOST and R, (nastavni materijal)},
	year = {2017},
	note = "Diplomski studij satelitske navigacije, Regionalni
	UN centar za akademsko obrazovanje u svemirskim znanostima i tehnologijama za područje Azije i
	Pacifika, Međunarodna škola, Sveučilište Beihang za aeronautiku i astronautiku. Peking, Kina."
}
@misc{ref:48,
	author = {Suzuki, T.},
	title = {Programska knjižnica GNSS-SDRLIB v2.0 Beta},
	year = {2017},
	note = "[Dostupno na: \url{https://github.com/taroz/GNSS-SDRLIB}, pregledano \today]"
}

@misc{rinex:303,
	author = {RINEX Working 
	Group \& Radio Technical Commission for Maritime 
	Services Special Committee 104 (RTCM-SC104)},
	title = {RINEX 3.03},
	year = {2015},
	note = "[Dostupno na: \url{https://igscb.jpl.nasa.gov/igscb/data/format/rinex303.pdf}, pregledano \today]"
}

@misc{RStudio,
	author = {RStudio},
	title = {RStudio},
	year = {2016},
	note = "[Dostupno na: \url{https://www.rstudio.com/}, pregledano \today]"
}


@misc{ref:24,
	author = {R Foundation for Statistical Computing},
	title = {R: A language and environment for statistical computing},
	year = {2016},
	note = "[Dostupno na: \url{http://www.r-project.org}, pregledano \today]"
}

@misc{ref:22,
	author = {Maindonald, J. and Brown, W. J.},
	title = {Data Analysis and Graphics Using R - an Example-Based Approach},
	year = {2010},
	note = "Cambridge University Press. Cambridge, UK."
}

@misc{ref:6,
	author = {Filić, M. and Filjar, R. and Ruotsalainen, L.},
	title = {An SDR-based Study of Multi-GNSS Positioning Performance During Fast-developing Space Weather Storm},
	year = {2016},
	note = "TRANSNAV, 10(3), 395 – 400. doi:\url{10.12716/1001.10.03.03} [Dostupno na: \url{http://bit.ly/2fxAvph}, pregledano \today]"
}
@misc{ref:8,
	author = {Filić, M. and Grubišić, L. and Filjar, R.},
	title = {The consequence of a GPS satellite decommission on the quality of positioning for Intelligent Transport Systems},
	year = {2016},
	note = "Proc of KoREMA Automation in Transport Conference, 14-19. Krapina, Hrvatska, Ljubljana i Maribor, Slovenija"
}

@misc{Rsite,
	author = {The R Foundation},
	title = {R programming language},
	note = "[Dostupno na: \url{https://cran.r-project.org/}, pregledano \today]"
}

@misc{LSA:weights,
	author = {Rahemi, N. and Mosavi, M.R. and Abedi, A. A. and Mirzakuchaki, S.},
	title = {Accurate Solution of Navigation Equations in GPS Receivers for Very High Velocities Using Pseudorange Measurements},
	note = "[Dostupno na: \url{https://www.hindawi.com/archive/2014/435891/}, pregledano \today]"
}


@misc{LSA:weightsSetUp,
	author = {Zeng, F. and Dai, W. and Zhu, J. and Wang X.},
	title = {Single-point positioning with the pseudo-range of single-frequency GPS considering the stochastic model},
	note = "Pacific Science Review, vol. 10, no. 3, pp. 274–278, 2008."
}
@misc{geo:slikeSustava,
	author = {Šimić, Zdravka},
	title = {Geodezija 1},
	note = "Geodetska tehnička škola Zagreb, [Dostupno na: \url{http://docplayer.gr/44835179-Zdravka-simic.html}, pregledano \today]"
}

@misc{fazno:kodno,
	author = {Blagojević, Dragan},
	title = {Teorija satelitskog pozicioniranja},
	note = "[Dostupno na: \url{http://web.grf.bg.ac.rs/p/learning/teorija_satelitskog_pozicioniranja_1415876930596.pdf}, pregledano \today]"
}

